@article{aarts2006driving,
  title={Driving speed and the risk of road crashes: A review},
  author={Aarts, Letty and Van Schagen, Ingrid},
  journal={Accident Analysis \& Prevention},
  volume={38},
  number={2},
  pages={215--224},
  year={2006},
  publisher={Elsevier}
}