@misc{crashdata,
  title = {NYPD Motor Vehicle Collisions},
  howpublished = {\url{https://data.cityofnewyork.us/Public-Safety/NYPD-Motor-Vehicle-Collisions/h9gi-nx95}},
  note = {Accessed: 2015-12-03},
  author = {NYPD},
  year = {2015}
}