@misc{fatalityrates,
  title = {Effects of Vehicle Speed on Pedestrian Fatalities},
  howpublished = {\url{http://humantransport.org/sidewalks/SpeedKills.htm}},
  note = {Accessed: 2015-12-12},
  author = {NCBikeEd}
}