@article{navon2003paradox,
  title={The paradox of driving speed: two adverse effects on highway accident rate},
  author={Navon, David},
  journal={Accident Analysis \& Prevention},
  volume={35},
  number={3},
  pages={361--367},
  year={2003},
  publisher={Elsevier}
}