@MISC{news,
   author =       {Nolan Hicks, Caitlin Nolan and Barry Paddock},
   title =        {EXCLUSIVE: Daily News probe finds mixed results for Bill de Blasio's Vision Zero plan},
   editor =       {Daily News},
   month =        {May},
   year =         {2015},
   url = {http://www.nydailynews.com/new-york/exclusive-news-probe-finds-mixed-results-vision-zero-article-1.2235148}
 }