@article{rock1995impact,
  title={Impact of the 65 mph speed limit on accidents, deaths, and injuries in Illinois},
  author={Rock, Steven M},
  journal={Accident Analysis \& Prevention},
  volume={27},
  number={2},
  pages={207--214},
  year={1995},
  publisher={Elsevier}
}