@misc{slowzones,
  title = {Neighborhood Slow Zones},
  howpublished = {\url{http://www.nyc.gov/html/dot/downloads/misc/neighborhood_slow_zones.json}},
  note = {Accessed: 2015-12-05}
}