@inproceedings{tingvall2000vision,
  title={Vision Zero: an ethical approach to safety and mobility},
  author={Tingvall, Claes and Haworth, Narelle},
  booktitle={6th ITE International Conference Road Safety \& Traffic Enforcement: Beyond},
  volume={1999},
  year={2000}
}