@misc{vzreport,
  title = {Vision Zero One Year Report},
  howpublished = {\url{http://www.nyc.gov/html/visionzero/assets/downloads/pdf/vision-zero-1-year-report.pdf}},
  note = {Accessed: 2015-12-05}
}