@article{wilmot1999effect,
  title={Effect of speed limits on speed and safety: a review},
  author={Wilmot, Chester G and Khanal, Mandar},
  journal={Transport Reviews},
  volume={19},
  number={4},
  pages={315--329},
  year={1999},
  publisher={Taylor \& Francis}
}