@article{wong2005would,
  title={Would relaxing speed limits aggravate safety?: A case study of Hong Kong},
  author={Wong, SC and Sze, Nang-Ngai and Lo, Hong K and Hung, WT and Loo, Becky PY},
  journal={Accident Analysis \& Prevention},
  volume={37},
  number={2},
  pages={377--388},
  year={2005},
  publisher={Elsevier}
}